<?xml version="1.0" encoding="UTF-8"?><record xmlns="http://www.loc.gov/MARC21/slim" xmlns:cinclude="http://apache.org/cocoon/include/1.0" xmlns:zs="http://www.loc.gov/zing/srw/">
  <leader>00814nz  a2200181n  4500</leader>
  <controlfield tag="001">no2007053907</controlfield>
  <controlfield tag="003">DLC</controlfield>
  <controlfield tag="005">20070517075306.0</controlfield>
  <controlfield tag="008">070515n| acannaabn          |a ana     c</controlfield>
  <datafield tag="010" ind1=" " ind2=" ">
    <subfield code="a">no2007053907</subfield>
  </datafield>
  <datafield tag="035" ind1=" " ind2=" ">
    <subfield code="a">(OCoLC)oca07410692</subfield>
  </datafield>
  <datafield tag="040" ind1=" " ind2=" ">
    <subfield code="a">InU</subfield>
    <subfield code="b">eng</subfield>
    <subfield code="c">InU</subfield>
  </datafield>
  <datafield tag="110" ind1="2" ind2=" ">
    <subfield code="a">Chemical Structure Association Trust (Great Britain)</subfield>
  </datafield>
  <datafield tag="410" ind1="2" ind2=" ">
    <subfield code="a">CSA Trust (Great Britain)</subfield>
  </datafield>
  <datafield tag="410" ind1="2" ind2=" ">
    <subfield code="a">CSAT</subfield>
  </datafield>
  <datafield tag="510" ind1="2" ind2=" ">
    <subfield code="a">Chemical Structure Association (Great Britain)</subfield>
  </datafield>
  <datafield tag="670" ind1=" " ind2=" ">
    <subfield code="a">Its Newsletter, spring 2002:</subfield>
    <subfield code="b">t.p. (Chemical Structure Association Trust; CSA Trust; the incorporation of the activities of CSA into the Trust was approved unanimously at the Annual General Meetings of both organisations; UK) p. 2 (CSAT)</subfield>
  </datafield>
  <datafield tag="675" ind1=" " ind2=" ">
    <subfield code="a">Chemical Structure Association (Great Britain). Newsletter, autumn 2001: (Chemical Structure Association)</subfield>
  </datafield>
</record>